@article{Pevzner:2001vn,
	Author = {Pevzner, P A and others},
	Journal = {Proc Natl Acad Sci},
	Pages = {9748-53},
	Title = {An Eulerian path approach to DNA fragment assembly},
	Volume = {98},
	Year = {2001}}

@article{Li:2012fk,
	Author = {Li, Heng},
	Journal = {Bioinformatics},
	Pages = {1838-44},
	Title = {Exploring single-sample SNP and INDEL calling with whole-genome de novo assembly},
	Volume = {28},
	Year = {2012}}

@article{Heo:2014aa,
	Author = {Heo, Yun and others},
	Journal = {Bioinformatics},
	Pages = {1354-62},
	Title = {BLESS: bloom filter-based error correction solution for high-throughput sequencing reads},
	Volume = {30},
	Year = {2014}}

@article{Song:2014aa,
	Author = {Song, Li and others},
	Journal = {Genome Biol},
	Pages = {509},
	Title = {Lighter: fast and memory-efficient sequencing error correction without counting},
	Volume = {15},
	Year = {2014}}
